%%%% WARNING! AUTOMATICALLY CREATED BIBFILE
%%%% DO NOT EDIT! ALL CHANGES WILL BE LOST!

@STRING{acm	= "ACM" }
@STRING{acmtocl	= "ACM TOCL" }
@STRING{eptcs	= "EPTCS" }
@STRING{fics12	= "FICS 2012" }
@STRING{ieee	= "IEEE CS Press" }
@STRING{lics01	= "LICS'01" }
@STRING{lics07	= "LICS'07" }
@STRING{lics13	= "LICS'13" }
@STRING{lmcs	= "LMCS" }
@STRING{lncs	= "LNCS" }
@STRING{lpar06	= "LPAR'06" }
@STRING{rta04	= "RTA'04" }
@STRING{springer= "Springer" }

@Misc{		  agdawiki,
  author	= {{AgdaTeam}},
  title		= {The {A}gda {W}iki},
  year		= 2016,
  url		= {http://wiki.portal.chalmers.se/agda}
}

@InProceedings{	  sacchini:lics13,
  author	= {Jorge Luis Sacchini},
  title		= {Type-Based Productivity of Stream Definitions in the
		  Calculus of Constructions},
  booktitle	= lics13,
  pages		= {233--242},
  year		= {2013},
  crossref	= {DBLP:conf/lics/2013},
  url		= {http://dx.doi.org/10.1109/LICS.2013.29},
  doi		= {10.1109/LICS.2013.29},
  timestamp	= {Wed, 27 May 2015 19:02:35 +0200},
  biburl	= {http://dblp.uni-trier.de/rec/bib/conf/lics/Sacchini13},
  bibsource	= {dblp computer science bibliography, http://dblp.org}
}

@InProceedings{	  abelCoquandDybjer:lics07,
  author	= {Andreas Abel and Thierry Coquand and Peter Dybjer},
  title		= {Normalization by Evaluation for {Martin-L\"of Type Theory}
		  with Typed Equality Judgements},
  booktitle	= lics07,
  year		= 2007,
  ee		= {http://doi.ieeecomputersociety.org/10.1109/LICS.2007.33},
  publisher	= ieee,
  pages		= {3--12},
  bibsource	= {DBLP, http://dblp.uni-trier.de}
}

@Unpublished{	  abelVezzosiWinterhalter:icfp17,
  author	= {Andreas Abel and Andrea Vezzosi and Theo Winterhalter},
  title		= {Normalization by Evaluation for Sized Dependent Types},
  note		= {Draft.},
  optkey	= {},
  optmonth	= {},
  year		= {2017},
  url		= {http://www.cse.chalmers.se/~abela/icfp17.pdf},
  optpostscript	= {},
  optpdf	= {},
  optdvi	= {},
  optabstract	= {}
}

@Article{	  abelScherer:types10,
  author	= {Andreas Abel and Gabriel Scherer},
  title		= {On Irrelevance and Algorithmic Equality in Predicative
		  Type Theory},
  journal	= lmcs,
  volume	= 8,
  number	= {1:29},
  year		= 2012,
  pages		= {1--36},
  note		= {{TYPES}'10 special issue.},
  ee		= {http://dx.doi.org/10.2168/LMCS-8(1:29)2012},
  bibsource	= {DBLP, http://dblp.uni-trier.de}
}

@InProceedings{	  abel:fics12,
  author	= {Andreas Abel},
  title		= {Type-Based Termination, Inflationary Fixed-Points, and
		  Mixed Inductive-Coinductive Types},
  booktitle	= fics12,
  year		= 2012,
  pages		= {1-11},
  note		= {Invited talk},
  ee		= {http://dx.doi.org/10.4204/EPTCS.77.1},
  url		= {http://dx.doi.org/10.4204/EPTCS.77.1},
  crossref	= {DBLP:journals/corr/abs-1202-3174},
  timestamp	= {Mon, 28 Oct 2013 16:56:55 +0100},
  biburl	= {http://dblp.uni-trier.de/rec/bib/journals/corr/abs-1202-3496},
  bibsource	= {DBLP, http://dblp.uni-trier.de}
}

@InProceedings{	  bartheGregoirePastawski:lpar06,
  author	= {Gilles Barthe and Benjamin Gr{\'e}goire and Fernando
		  Pastawski},
  title		= {{CIC\^{}}: Type-Based Termination of Recursive Definitions
		  in the {C}alculus of {I}nductive {C}onstructions},
  booktitle	= lpar06,
  year		= 2006,
  pages		= {257--271},
  ee		= {http://dx.doi.org/10.1007/11916277_18},
  doi		= {10.1007/11916277_18},
  publisher	= springer,
  series	= lncs,
  volume	= 4246,
  bibsource	= {DBLP, http://dblp.uni-trier.de}
}

@InProceedings{	  pfenning:lics01,
  author	= {Frank Pfenning},
  title		= {Intensionality, Extensionality, and Proof Irrelevance in
		  Modal Type Theory},
  booktitle	= lics01,
  pages		= {221--230},
  year		= 2001,
  crossref	= {DBLP:conf/lics/2001},
  url		= {http://dx.doi.org/10.1109/LICS.2001.932499},
  doi		= {10.1109/LICS.2001.932499},
  timestamp	= {Sat, 22 Nov 2014 13:44:40 +0100},
  biburl	= {http://dblp.uni-trier.de/rec/bib/conf/lics/Pfenning01},
  bibsource	= {dblp computer science bibliography, http://dblp.org}
}

@Article{	  harperPfenning:equivalenceLF,
  author	= {Robert Harper and Frank Pfenning},
  title		= {On Equivalence and Canonical Forms in the {LF} Type
		  Theory},
  journal	= acmtocl,
  volume	= 6,
  number	= 1,
  year		= 2005,
  issn		= {1529-3785},
  pages		= {61--101},
  doi		= {http://doi.acm.org/10.1145/1042038.1042041},
  publisher	= acm
}

@InProceedings{	  blanqui:rta04,
  author	= {Fr\'ed\'eric Blanqui},
  title		= {A Type-Based Termination Criterion for Dependently-Typed
		  Higher-Order Rewrite Systems},
  booktitle	= rta04,
  volume	= 3091,
  pages		= {24--39},
  year		= 2004,
  series	= lncs,
  publisher	= springer,
  ee		= {http://dx.doi.org/10.1007/978-3-540-25979-4_2},
  doi		= {10.1007/978-3-540-25979-4_2}
}

@Proceedings{	  DBLP:journals/corr/abs-1202-3174,
  title		= fics12,
  booktitle	= fics12,
  series	= eptcs,
  volume	= 77,
  year		= 2012,
  url		= {http://dx.doi.org/10.4204/EPTCS.77},
  ee		= {http://dx.doi.org/10.4204/EPTCS.77},
  timestamp	= {Mon, 28 Oct 2013 16:56:55 +0100},
  biburl	= {http://dblp.uni-trier.de/rec/bib/journals/corr/abs-1202-3174},
  bibsource	= {DBLP, http://dblp.uni-trier.de}
}

@Proceedings{	  DBLP:conf/lics/2001,
  title		= lics01,
  booktitle	= lics01,
  publisher	= ieee,
  year		= {2001},
  url		= {http://ieeexplore.ieee.org/xpl/mostRecentIssue.jsp?punumber=7424},
  timestamp	= {Fri, 21 Nov 2014 14:08:56 +0100},
  biburl	= {http://dblp.uni-trier.de/rec/bib/conf/lics/2001},
  bibsource	= {dblp computer science bibliography, http://dblp.org}
}

@Proceedings{	  DBLP:conf/lics/2013,
  title		= lics13,
  booktitle	= lics13,
  publisher	= ieee,
  year		= {2013},
  ee		= {http://ieeexplore.ieee.org/xpl/mostRecentIssue.jsp?punumber=6570844},
  bibsource	= {DBLP, http://dblp.uni-trier.de}
}
