@InProceedings{abelVezzosiWinterhalter:types17,
  author    = {Andreas Abel and Andrea Vezzosi and Theo Winterhalter},
  title     = {Normalization by Evaluation for Sized Dependent Types},
  booktitle = types17abs,
  year      = 2017,
  editor    = {Ambrus Kaposi and Tam\'{a}s Kozsik},
  publisher = easychair
}
