@article{abelVezzosiWinterhalter:icfp17,
  author    = {Andreas Abel and
               Andrea Vezzosi and
               Th{\'{e}}o Winterhalter},
  title     = {Normalization by evaluation for sized dependent types},
  journal   = pacmpl,
  volume    = {1},
  number    = {{ICFP}},
  pages     = {33:1--33:30},
  year      = {2017},
  url       = {http://doi.acm.org/10.1145/3110277},
  doi       = {10.1145/3110277},
  timestamp = {Tue, 12 Sep 2017 16:16:51 +0200},
  biburl    = {https://dblp.org/rec/bib/journals/pacmpl/0001VW17},
  bibsource = {dblp computer science bibliography, https://dblp.org}
}
